@MISC{wiki-raid,
	TITLE = "Wikipedia article about RAID",
	HOWPUBLISHED = "\url{http://nl.wikipedia.org/wiki/Redundant_Array_of_Independent_Disks}"
}


